@inproceedings{pearce2006relationship,
  title={Relationship aspects},
  author={Pearce, D.J. and Noble, J.},
  booktitle={Proceedings of the 5th international conference on Aspect-oriented software development},
  pages={75--86},
  year={2006},
  organization={ACM}
}

@article{masuhara2003dataflow,
  title={Dataflow pointcut in aspect-oriented programming},
  author={Masuhara, H. and Kawauchi, K.},
  journal={Programming Languages and Systems},
  pages={105--121},
  year={2003},
  publisher={Springer}
}


@incollection {jamopp2010,
   author = {Heidenreich, Florian and Johannes, Jendrik and Seifert, Mirko and Wende, Christian},
   affiliation = {Institut f√ºr Software- und Multimediatechnik, Technische Universit√§t Dresden, D-01062 Dresden, Germany},
   title = {Closing the Gap between Modelling and Java},
   booktitle = {Software Language Engineering},
   series = {Lecture Notes in Computer Science},
   editor = {van den Brand, Mark and Ga\v{s}evic, Dragan and Gray, Jeff},
   publisher = {Springer Berlin / Heidelberg},
   isbn = {978-3-642-12106-7},
   keyword = {Computer Science},
   pages = {374-383},
   volume = {5969},
   url = {http://dx.doi.org/10.1007/978-3-642-12107-4_25},
   note = {10.1007/978-3-642-12107-4_25},
   year = {2010}
}

@article{sakurai2004association,
  title={Design and implementation of an aspect instantiation mechanism},
  author={Sakurai, K. and Masuhara, H. and Ubayashi, N. and Matuura, S. and Komiya, S.},
  journal={Transactions on aspect-oriented software development I},
  pages={259--292},
  year={2006},
  publisher={Springer}
}


@inproceedings{bodden2008relational,
  title={Relational aspects as tracematches},
  author={Bodden, E. and Shaikh, R. and Hendren, L.},
  booktitle={Proceedings of the 7th international conference on Aspect-oriented software development},
  pages={84--95},
  year={2008},
  organization={ACM}
}


@article{avgustinov2006abc,
  title={abc: An extensible AspectJ compiler},
  author={Avgustinov, P. and Christensen, A. and Hendren, L. and Kuzins, S. and Lhot{\'a}k, J. and Lhot{\'a}k, O. and de Moor, O. and Sereni, D. and Sittampalam, G. and Tibble, J.},
  journal={Transactions on Aspect-Oriented Software Development I},
  pages={293--334},
  year={2006},
  publisher={Springer}
}

@misc{bourrillionguava,
  title={Guava: Google Core Libraries for Java 1.5+(2010)},
  author={Bourrillion, K. and others}
}


@article{cluet1998designing,
  title={Designing OQL: Allowing objects to be queried},
  author={Cluet, S.},
  journal={Information systems},
  volume={23},
  number={5},
  pages={279--305},
  year={1998},
  publisher={Elsevier}
}

@article{kiczales2001overview,
  title={An overview of AspectJ},
  author={Kiczales, G. and Hilsdale, E. and Hugunin, J. and Kersten, M. and Palm, J. and Griswold, W.},
  journal={ECOOP 2001óObject-Oriented Programming},
  pages={327--354},
  year={2001},
  publisher={Springer}
}

@inproceedings{Gasiunas2011,
            month = {March},
           author = {Vaidas Gasiunas and Lucas Satabin and Mira Mezini and Angel N{\'u}{\~n}ez and Jacques Noy{\'e}},
           series = {AOSD '11},
        booktitle = {Proceedings of the tenth international conference on Aspect-oriented software development},
          address = {New York, NY, USA},
            title = {EScala: modular event-driven object interactions in Scala},
        publisher = {ACM},
             year = {2011},
            pages = {227--240},
         keywords = {aspect-oriented programming, event-driven programming},
              url = {http://tubiblio.ulb.tu-darmstadt.de/54586/}
}

@inproceedings{Bergmans2001b,
	Author = {Bergmans, Lodewijk M.J. and Aksit, Mehmet},
	Booktitle = {Proceedings of OOPSLA 2001 Workshop on Advanced Separation of Concerns in Object-Oriented Systems},
	Date-Added = {2009-08-17 14:53:33 +0200},
	Date-Modified = {2009-08-17 15:32:38 +0200},
	Title = {How To Deal With Encapsulation In Aspect-Orientation},
	Year = {2001}
}

@inproceedings{hannemann:oopsla02,
	author = {Hannemann, Jan and Kiczales, Gregor},
     booktitle = {Proceedings of the 17th ACM conference on Object-oriented programming, systems, languages, and applications},
     citeulike-article-id = {752014},
     doi = {10.1145/582419.582436},
     keywords = {aod, aspect-oriented, design, patterns, programming},
     local-url =
{file://localhost/Users/arestivo/Documents/feup/prodei/bibliography/oopsla02-patterns.pdf},
     pages = {161--173},
     posted-at = {2006-07-11 12:58:30},
     priority = {3},
     publisher = {ACM Press},
     title = {Design pattern implementation in {Java} and {AspectJ}},
     year = {2002}
}

@inproceedings{kawauchi:aosd-aosdsec04,
     author = {Kawauchi, Kazunori and Masuhara, Hidehiko},
     booktitle = {AOSDSEC: {AOSD} Technology for Application-Level Security},
     citeulike-article-id = {751676},
     citeulike-linkout-0 =
{http://www.cs.kuleuven.ac.be/\~{}distrinet/events/aosdsec/AOSDSEC04\_Kazunori\_Kawauchi.pdf},
     editor = {{Win}, Bart {.} and Shah, Viren and Joosen, Wouter and Bodkin, Ron},
     keywords = {aod},
     month = mar,
     posted-at = {2006-07-11 12:58:20},
     priority = {3},
     title = {{Dataflow Pointcut for Integrity Concerns}},
     url =
{http://www.cs.kuleuven.ac.be/\~{}distrinet/events/aosdsec/AOSDSEC04\_Kazunori\_Kawauchi.pdf},
     year = {2004}
}

@incollection {masuharafine,
   author = {Masuhara, Hidehiko and Endoh, Yusuke and Yonezawa, Akinori},
   affiliation = {Graduate School of Arts and Sciences, University of Tokyo},
   title = {A Fine-Grained Join Point Model for More Reusable Aspects},
   booktitle = {Programming Languages and Systems},
   series = {Lecture Notes in Computer Science},
   editor = {Kobayashi, Naoki},
   publisher = {Springer Berlin / Heidelberg},
   isbn = {978-3-540-48937-5},
   keyword = {Computer Science},
   pages = {131-147},
   volume = {4279},
   url = {http://dx.doi.org/10.1007/11924661_8},
   note = {10.1007/11924661_8},
   year = {2006}
}

@article{Bockisch2012,
  author    = {Christoph Bockisch and
               Andreas Sewe and
               Haihan Yin and
               Mira Mezini and
               Mehmet Aksit},
  title     = {An In-Depth Look at ALIA4J},
  journal   = {Journal of Object Technology},
  volume    = {11},
  number    = {1},
  year      = {2012},
  pages     = {1-28},
  ee        = {http://dx.doi.org/10.5381/jot.2012.11.1.a7},
  bibsource = {DBLP, http://dblp.uni-trier.de}
}

@inproceedings{Bockisch2011,
  author    = {Christoph Bockisch and
               Somayeh Malakuti and
               Mehmet Aksit and
               Shmuel Katz},
  title     = {Making aspects natural: events and composition},
  booktitle = {Proceedings of the 10th International Conference on Aspect-Oriented Software Development, AOSD},
  publisher = {ACM},
  year      = {2011},
  pages     = {285-300},
  ee        = {http://doi.acm.org/10.1145/1960275.1960312},
  bibsource = {DBLP, http://dblp.uni-trier.de}
}

@inproceedings{Bockisch2007,
  author    = {Christoph Bockisch and
               Mira Mezini},
  title     = {A flexible architecture for pointcut-advice language implementations},
  booktitle = {Proceedings of the 1st Workshop on Virtual Machines and Intermediate Languages for Emerging Modularization Mechanisms, VMIL},
  publisher = {ACM},
  year      = {2007},
  ee        = {http://doi.acm.org/10.1145/1230136.1230137},
  bibsource = {DBLP, http://dblp.uni-trier.de}
}
