@article{kiczales2001overview,
  title={An overview of AspectJ},
  author={Kiczales, G. and Hilsdale, E. and Hugunin, J. and Kersten, M. and Palm, J. and Griswold, W.},
  journal={ECOOP 2001, Object-Oriented Programming},
  pages={327--354},
  year={2001},
  publisher={Springer}
}



@article{aracic2006overview,
  title={An overview of CaesarJ},
  author={Aracic, I. and Gasiunas, V. and Mezini, M. and Ostermann, K.},
  journal={Transactions on Aspect-Oriented Software Development I},
  pages={135--173},
  year={2006},
  publisher={Springer}
}

@inproceedings{hannemann2002design,
  title={Design pattern implementation in Java and AspectJ},
  author={Hannemann, J. and Kiczales, G.},
  booktitle={ACM SIGPLAN Notices},
  volume={37},
  number={11},
  pages={161--173},
  year={2002},
  organization={ACM}
}

@inproceedings{Pinto,
 author = {Pinto, M. and Fuentes, L. and Fayad, M. E. and Troya, J. M.},
 title = {Separation of coordination in a dynamic aspect oriented framework},
 booktitle = {Proceedings of the 1st international conference on Aspect-oriented software development},
 series = {AOSD '02},
 year = {2002},
 isbn = {1-58113-469-X},
 location = {Enschede, The Netherlands},
 pages = {134--140},
 numpages = {7},
 url = {http://doi.acm.org/10.1145/508386.508403},
 doi = {10.1145/508386.508403},
 acmid = {508403},
 publisher = {ACM},
 address = {New York, NY, USA},
 keywords = {aspect-oriented programming, component-oriented programming, coordination aspect, dynamic composition},
} 

@inproceedings{Suvee,
 author = {Suv{\'e}e, Davy and Vanderperren, Wim and Jonckers, Viviane},
 title = {JAsCo: an aspect-oriented approach tailored for component based software development},
 booktitle = {Proceedings of the 2nd international conference on Aspect-oriented software development},
 series = {AOSD '03},
 year = {2003},
 isbn = {1-58113-660-9},
 location = {Boston, Massachusetts},
 pages = {21--29},
 numpages = {9},
 url = {http://doi.acm.org/10.1145/643603.643606},
 doi = {10.1145/643603.643606},
 acmid = {643606},
 publisher = {ACM},
 address = {New York, NY, USA},
} 

@inproceedings{gluonj,
 author = {Chiba, Shigeru and Ishikawa, Rei},
 title = {Aspect-oriented programming beyond dependency injection},
 booktitle = {Proceedings of the 19th European conference on Object-Oriented Programming},
 series = {ECOOP'05},
 year = {2005},
 isbn = {3-540-27992-X, 978-3-540-27992-1},
 location = {Glasgow, UK},
 pages = {121--143},
 numpages = {23},
 url = {http://dx.doi.org/10.1007/11531142_6},
 doi = {10.1007/11531142_6},
 acmid = {2144901},
 publisher = {Springer-Verlag},
 address = {Berlin, Heidelberg},
} 

