@incollection {masuharafine,
   author = {Masuhara, Hidehiko and Endoh, Yusuke and Yonezawa, Akinori},
   affiliation = {Graduate School of Arts and Sciences, University of Tokyo},
   title = {A Fine-Grained Join Point Model for More Reusable Aspects},
   booktitle = {Programming Languages and Systems},
   series = {Lecture Notes in Computer Science},
   editor = {Kobayashi, Naoki},
   publisher = {Springer Berlin / Heidelberg},
   isbn = {978-3-540-48937-5},
   keyword = {Computer Science},
   pages = {131-147},
   volume = {4279},
   url = {http://dx.doi.org/10.1007/11924661_8},
   note = {10.1007/11924661_8},
   year = {2006}
}

@article{cluet1998designing,
  title={Designing OQL: Allowing objects to be queried},
  author={Cluet, S.},
  journal={Information systems},
  volume={23},
  number={5},
  pages={279--305},
  year={1998},
  publisher={Elsevier}
}

@inproceedings{Chern2007,
 author = {Chern, Rick and De Volder, Kris},
 title = {Debugging with control-flow breakpoints},
 booktitle = {Proceedings of the 6th international conference on Aspect-oriented software development},
 series = {AOSD '07},
 year = {2007},
 isbn = {1-59593-615-7},
 location = {Vancouver, British Columbia, Canada},
 pages = {96--106},
 numpages = {11},
 url = {http://doi.acm.org/10.1145/1218563.1218575},
 doi = {10.1145/1218563.1218575},
 acmid = {1218575},
 publisher = {ACM},
 address = {New York, NY, USA},
 keywords = {case studies, debugger interface, pointcut language},
}

@inproceedings{Bodden2011,
 author = {Bodden, Eric},
 title = {Stateful breakpoints: a practical approach to defining parameterized runtime monitors},
 booktitle = {Proceedings of the 19th ACM SIGSOFT symposium and the 13th European conference on Foundations of software engineering},
 series = {ESEC/FSE '11},
 year = {2011},
 isbn = {978-1-4503-0443-6},
 location = {Szeged, Hungary},
 pages = {492--495},
 numpages = {4},
 url = {http://doi.acm.org/10.1145/2025113.2025201},
 doi = {10.1145/2025113.2025201},
 acmid = {2025201},
 publisher = {ACM},
 address = {New York, NY, USA},
 keywords = {parameterized runtime monitors, stateful breakpoints},
}

@inproceedings{Yin2013,
author={Yin, Haihan and Bockisch, Christoph and Aksit, Mehmet},
title={A Pointcut Language for Setting Advanced Breakpoints},
booktitle = {Proceedings of Aspect-Oriented Software Development},
year={2013},
publisher={ACM}
}

@ARTICLE{Alpern2005,
  author = {Bowen Alpern and Steve Augart and Steve M. Blackburn and Maria Butrico
	and Antony Cocchi and Perry Cheng and Julian Dolby and Stephen Fink
	and David Grove and Michael Hind and Kathryn S. McKinley and Mark
	Mergen and J. Eliot B. Moss and Ton Ngo and Vivek Sarkar},
  title = {{T}he {J}ikes {V}irtual {M}achine {R}esearch {P}roject: {B}uilding
	an {O}pen-{S}ource {R}esearch {C}ommunity},
  journal = {IBM Systems Journal},
  year = {2005},
  volume = {44}
}
